%YAML 1.1
%TAG !u! tag:unity3d.com,2011:
--- !u!29 &1
OcclusionCullingSettings:
  m_ObjectHideFlags: 0
  serializedVersion: 2
  m_OcclusionBakeSettings:
    smallestOccluder: 5
    smallestHole: 0.25
    backfaceThreshold: 100
  m_SceneGUID: 00000000000000000000000000000000
  m_OcclusionCullingData: {fileID: 0}
--- !u!104 &2
RenderSettings:
  m_ObjectHideFlags: 0
  serializedVersion: 9
  m_Fog: 0
  m_FogColor: {r: 0.5, g: 0.5, b: 0.5, a: 1}
  m_FogMode: 3
  m_FogDensity: 0.01
  m_LinearFogStart: 0
  m_LinearFogEnd: 300
  m_AmbientSkyColor: {r: 0.212, g: 0.227, b: 0.259, a: 1}
  m_AmbientEquatorColor: {r: 0.114, g: 0.125, b: 0.133, a: 1}
  m_AmbientGroundColor: {r: 0.047, g: 0.043, b: 0.035, a: 1}
  m_AmbientIntensity: 1
  m_AmbientMode: 3
  m_SubtractiveShadowColor: {r: 0.42, g: 0.478, b: 0.627, a: 1}
  m_SkyboxMaterial: {fileID: 0}
  m_HaloStrength: 0.5
  m_FlareStrength: 1
  m_FlareFadeSpeed: 3
  m_HaloTexture: {fileID: 0}
  m_SpotCookie: {fileID: 10001, guid: 0000000000000000e000000000000000, type: 0}
  m_DefaultReflectionMode: 0
  m_DefaultReflectionResolution: 128
  m_ReflectionBounces: 1
  m_ReflectionIntensity: 1
  m_CustomReflection: {fileID: 0}
  m_Sun: {fileID: 0}
  m_IndirectSpecularColor: {r: 0, g: 0, b: 0, a: 1}
  m_UseRadianceAmbientProbe: 0
--- !u!157 &3
LightmapSettings:
  m_ObjectHideFlags: 0
  serializedVersion: 11
  m_GIWorkflowMode: 1
  m_GISettings:
    serializedVersion: 2
    m_BounceScale: 1
    m_IndirectOutputScale: 1
    m_AlbedoBoost: 1
    m_EnvironmentLightingMode: 0
    m_EnableBakedLightmaps: 0
    m_EnableRealtimeLightmaps: 0
  m_LightmapEditorSettings:
    serializedVersion: 10
    m_Resolution: 2
    m_BakeResolution: 40
    m_AtlasSize: 1024
    m_AO: 0
    m_AOMaxDistance: 1
    m_CompAOExponent: 1
    m_CompAOExponentDirect: 0
    m_Padding: 2
    m_LightmapParameters: {fileID: 0}
    m_LightmapsBakeMode: 1
    m_TextureCompression: 1
    m_FinalGather: 0
    m_FinalGatherFiltering: 1
    m_FinalGatherRayCount: 256
    m_ReflectionCompression: 2
    m_MixedBakeMode: 2
    m_BakeBackend: 0
    m_PVRSampling: 1
    m_PVRDirectSampleCount: 32
    m_PVRSampleCount: 500
    m_PVRBounces: 2
    m_PVRFilterTypeDirect: 0
    m_PVRFilterTypeIndirect: 0
    m_PVRFilterTypeAO: 0
    m_PVRFilteringMode: 1
    m_PVRCulling: 1
    m_PVRFilteringGaussRadiusDirect: 1
    m_PVRFilteringGaussRadiusIndirect: 5
    m_PVRFilteringGaussRadiusAO: 2
    m_PVRFilteringAtrousPositionSigmaDirect: 0.5
    m_PVRFilteringAtrousPositionSigmaIndirect: 2
    m_PVRFilteringAtrousPositionSigmaAO: 1
    m_ShowResolutionOverlay: 1
  m_LightingDataAsset: {fileID: 0}
  m_UseShadowmask: 1
--- !u!196 &4
NavMeshSettings:
  serializedVersion: 2
  m_ObjectHideFlags: 0
  m_BuildSettings:
    serializedVersion: 2
    agentTypeID: 0
    agentRadius: 0.5
    agentHeight: 2
    agentSlope: 45
    agentClimb: 0.4
    ledgeDropHeight: 0
    maxJumpAcrossDistance: 0
    minRegionArea: 2
    manualCellSize: 0
    cellSize: 0.16666667
    manualTileSize: 0
    tileSize: 256
    accuratePlacement: 0
    debug:
      m_Flags: 0
  m_NavMeshData: {fileID: 0}
--- !u!1 &519420028
GameObject:
  m_ObjectHideFlags: 0
  m_CorrespondingSourceObject: {fileID: 0}
  m_PrefabInstance: {fileID: 0}
  m_PrefabAsset: {fileID: 0}
  serializedVersion: 6
  m_Component:
  - component: {fileID: 519420032}
  - component: {fileID: 519420031}
  - component: {fileID: 519420029}
  m_Layer: 0
  m_Name: Main Camera
  m_TagString: MainCamera
  m_Icon: {fileID: 0}
  m_NavMeshLayer: 0
  m_StaticEditorFlags: 0
  m_IsActive: 1
--- !u!81 &519420029
AudioListener:
  m_ObjectHideFlags: 0
  m_CorrespondingSourceObject: {fileID: 0}
  m_PrefabInstance: {fileID: 0}
  m_PrefabAsset: {fileID: 0}
  m_GameObject: {fileID: 519420028}
  m_Enabled: 1
--- !u!20 &519420031
Camera:
  m_ObjectHideFlags: 0
  m_CorrespondingSourceObject: {fileID: 0}
  m_PrefabInstance: {fileID: 0}
  m_PrefabAsset: {fileID: 0}
  m_GameObject: {fileID: 519420028}
  m_Enabled: 1
  serializedVersion: 2
  m_ClearFlags: 2
  m_BackGroundColor: {r: 0, g: 0, b: 0, a: 0}
  m_projectionMatrixMode: 1
  m_SensorSize: {x: 36, y: 24}
  m_LensShift: {x: 0, y: 0}
  m_GateFitMode: 2
  m_FocalLength: 50
  m_NormalizedViewPortRect:
    serializedVersion: 2
    x: 0
    y: 0
    width: 1
    height: 1
  near clip plane: 0.3
  far clip plane: 1000
  field of view: 60
  orthographic: 1
  orthographic size: 5
  m_Depth: -1
  m_CullingMask:
    serializedVersion: 2
    m_Bits: 4294967295
  m_RenderingPath: -1
  m_TargetTexture: {fileID: 0}
  m_TargetDisplay: 0
  m_TargetEye: 0
  m_HDR: 1
  m_AllowMSAA: 0
  m_AllowDynamicResolution: 0
  m_ForceIntoRT: 0
  m_OcclusionCulling: 0
  m_StereoConvergence: 10
  m_StereoSeparation: 0.022
--- !u!4 &519420032
Transform:
  m_ObjectHideFlags: 0
  m_CorrespondingSourceObject: {fileID: 0}
  m_PrefabInstance: {fileID: 0}
  m_PrefabAsset: {fileID: 0}
  m_GameObject: {fileID: 519420028}
  m_LocalRotation: {x: 0, y: 0, z: 0, w: 1}
  m_LocalPosition: {x: 0, y: 0, z: -10}
  m_LocalScale: {x: 1, y: 1, z: 1}
  m_Children: []
  m_Father: {fileID: 0}
  m_RootOrder: 0
  m_LocalEulerAnglesHint: {x: 0, y: 0, z: 0}
--- !u!1001 &675031107
PrefabInstance:
  m_ObjectHideFlags: 0
  serializedVersion: 2
  m_Modification:
    m_TransformParent: {fileID: 1550741551}
    m_Modifications:
    - target: {fileID: 7855643228773816290, guid: 5b871b231ee937341ae526986e5b6715,
        type: 3}
      propertyPath: m_Name
      value: ButtonStepLeft
      objectReference: {fileID: 0}
    - target: {fileID: 7855643228773816291, guid: 5b871b231ee937341ae526986e5b6715,
        type: 3}
      propertyPath: m_LocalPosition.x
      value: 0
      objectReference: {fileID: 0}
    - target: {fileID: 7855643228773816291, guid: 5b871b231ee937341ae526986e5b6715,
        type: 3}
      propertyPath: m_LocalPosition.y
      value: 0
      objectReference: {fileID: 0}
    - target: {fileID: 7855643228773816291, guid: 5b871b231ee937341ae526986e5b6715,
        type: 3}
      propertyPath: m_LocalPosition.z
      value: 0
      objectReference: {fileID: 0}
    - target: {fileID: 7855643228773816291, guid: 5b871b231ee937341ae526986e5b6715,
        type: 3}
      propertyPath: m_LocalRotation.x
      value: 0
      objectReference: {fileID: 0}
    - target: {fileID: 7855643228773816291, guid: 5b871b231ee937341ae526986e5b6715,
        type: 3}
      propertyPath: m_LocalRotation.y
      value: 0
      objectReference: {fileID: 0}
    - target: {fileID: 7855643228773816291, guid: 5b871b231ee937341ae526986e5b6715,
        type: 3}
      propertyPath: m_LocalRotation.z
      value: 0
      objectReference: {fileID: 0}
    - target: {fileID: 7855643228773816291, guid: 5b871b231ee937341ae526986e5b6715,
        type: 3}
      propertyPath: m_LocalRotation.w
      value: 1
      objectReference: {fileID: 0}
    - target: {fileID: 7855643228773816291, guid: 5b871b231ee937341ae526986e5b6715,
        type: 3}
      propertyPath: m_RootOrder
      value: 6
      objectReference: {fileID: 0}
    - target: {fileID: 7855643228773816291, guid: 5b871b231ee937341ae526986e5b6715,
        type: 3}
      propertyPath: m_LocalEulerAnglesHint.x
      value: 0
      objectReference: {fileID: 0}
    - target: {fileID: 7855643228773816291, guid: 5b871b231ee937341ae526986e5b6715,
        type: 3}
      propertyPath: m_LocalEulerAnglesHint.y
      value: 0
      objectReference: {fileID: 0}
    - target: {fileID: 7855643228773816291, guid: 5b871b231ee937341ae526986e5b6715,
        type: 3}
      propertyPath: m_LocalEulerAnglesHint.z
      value: 0
      objectReference: {fileID: 0}
    - target: {fileID: 7855643228773816291, guid: 5b871b231ee937341ae526986e5b6715,
        type: 3}
      propertyPath: m_AnchoredPosition.x
      value: 20
      objectReference: {fileID: 0}
    - target: {fileID: 7855643228773816291, guid: 5b871b231ee937341ae526986e5b6715,
        type: 3}
      propertyPath: m_AnchoredPosition.y
      value: -590
      objectReference: {fileID: 0}
    - target: {fileID: 7855643228773816291, guid: 5b871b231ee937341ae526986e5b6715,
        type: 3}
      propertyPath: m_SizeDelta.x
      value: 300
      objectReference: {fileID: 0}
    - target: {fileID: 7855643228773816291, guid: 5b871b231ee937341ae526986e5b6715,
        type: 3}
      propertyPath: m_SizeDelta.y
      value: 100
      objectReference: {fileID: 0}
    - target: {fileID: 7855643228773816291, guid: 5b871b231ee937341ae526986e5b6715,
        type: 3}
      propertyPath: m_AnchorMin.x
      value: 0
      objectReference: {fileID: 0}
    - target: {fileID: 7855643228773816291, guid: 5b871b231ee937341ae526986e5b6715,
        type: 3}
      propertyPath: m_AnchorMin.y
      value: 1
      objectReference: {fileID: 0}
    - target: {fileID: 7855643228773816291, guid: 5b871b231ee937341ae526986e5b6715,
        type: 3}
      propertyPath: m_AnchorMax.x
      value: 0
      objectReference: {fileID: 0}
    - target: {fileID: 7855643228773816291, guid: 5b871b231ee937341ae526986e5b6715,
        type: 3}
      propertyPath: m_AnchorMax.y
      value: 1
      objectReference: {fileID: 0}
    - target: {fileID: 7855643228773816291, guid: 5b871b231ee937341ae526986e5b6715,
        type: 3}
      propertyPath: m_Pivot.x
      value: 0
      objectReference: {fileID: 0}
    - target: {fileID: 7855643228773816291, guid: 5b871b231ee937341ae526986e5b6715,
        type: 3}
      propertyPath: m_Pivot.y
      value: 1
      objectReference: {fileID: 0}
    - target: {fileID: 7855643228773816288, guid: 5b871b231ee937341ae526986e5b6715,
        type: 3}
      propertyPath: m_OnClick.m_PersistentCalls.m_Calls.Array.size
      value: 1
      objectReference: {fileID: 0}
    - target: {fileID: 7855643228773816288, guid: 5b871b231ee937341ae526986e5b6715,
        type: 3}
      propertyPath: m_OnClick.m_PersistentCalls.m_Calls.Array.data[0].m_Mode
      value: 1
      objectReference: {fileID: 0}
    - target: {fileID: 7855643228773816288, guid: 5b871b231ee937341ae526986e5b6715,
        type: 3}
      propertyPath: m_OnClick.m_PersistentCalls.m_Calls.Array.data[0].m_CallState
      value: 2
      objectReference: {fileID: 0}
    - target: {fileID: 7855643228773816288, guid: 5b871b231ee937341ae526986e5b6715,
        type: 3}
      propertyPath: m_OnClick.m_PersistentCalls.m_Calls.Array.data[0].m_Target
      value: 
      objectReference: {fileID: 1765547231}
    - target: {fileID: 7855643228773816288, guid: 5b871b231ee937341ae526986e5b6715,
        type: 3}
      propertyPath: m_OnClick.m_PersistentCalls.m_Calls.Array.data[0].m_MethodName
      value: StepLeft
      objectReference: {fileID: 0}
    - target: {fileID: 7855643228773816288, guid: 5b871b231ee937341ae526986e5b6715,
        type: 3}
      propertyPath: m_OnClick.m_PersistentCalls.m_Calls.Array.data[0].m_Arguments.m_ObjectArgumentAssemblyTypeName
      value: UnityEngine.Object, UnityEngine
      objectReference: {fileID: 0}
    - target: {fileID: 7855643229756606154, guid: 5b871b231ee937341ae526986e5b6715,
        type: 3}
      propertyPath: m_havePropertiesChanged
      value: 1
      objectReference: {fileID: 0}
    - target: {fileID: 7855643229756606154, guid: 5b871b231ee937341ae526986e5b6715,
        type: 3}
      propertyPath: m_isInputParsingRequired
      value: 1
      objectReference: {fileID: 0}
    - target: {fileID: 7855643229756606154, guid: 5b871b231ee937341ae526986e5b6715,
        type: 3}
      propertyPath: m_text
      value: Step Left
      objectReference: {fileID: 0}
    - target: {fileID: 7855643229756606154, guid: 5b871b231ee937341ae526986e5b6715,
        type: 3}
      propertyPath: m_textInfo.characterCount
      value: 9
      objectReference: {fileID: 0}
    - target: {fileID: 7855643229756606154, guid: 5b871b231ee937341ae526986e5b6715,
        type: 3}
      propertyPath: m_textInfo.wordCount
      value: 2
      objectReference: {fileID: 0}
    m_RemovedComponents: []
  m_SourcePrefab: {fileID: 100100000, guid: 5b871b231ee937341ae526986e5b6715, type: 3}
--- !u!1001 &1171029709
PrefabInstance:
  m_ObjectHideFlags: 0
  serializedVersion: 2
  m_Modification:
    m_TransformParent: {fileID: 1550741551}
    m_Modifications:
    - target: {fileID: 7855643228773816290, guid: 5b871b231ee937341ae526986e5b6715,
        type: 3}
      propertyPath: m_Name
      value: ButtonZoomOut
      objectReference: {fileID: 0}
    - target: {fileID: 7855643228773816291, guid: 5b871b231ee937341ae526986e5b6715,
        type: 3}
      propertyPath: m_LocalPosition.x
      value: 0
      objectReference: {fileID: 0}
    - target: {fileID: 7855643228773816291, guid: 5b871b231ee937341ae526986e5b6715,
        type: 3}
      propertyPath: m_LocalPosition.y
      value: 0
      objectReference: {fileID: 0}
    - target: {fileID: 7855643228773816291, guid: 5b871b231ee937341ae526986e5b6715,
        type: 3}
      propertyPath: m_LocalPosition.z
      value: 0
      objectReference: {fileID: 0}
    - target: {fileID: 7855643228773816291, guid: 5b871b231ee937341ae526986e5b6715,
        type: 3}
      propertyPath: m_LocalRotation.x
      value: 0
      objectReference: {fileID: 0}
    - target: {fileID: 7855643228773816291, guid: 5b871b231ee937341ae526986e5b6715,
        type: 3}
      propertyPath: m_LocalRotation.y
      value: 0
      objectReference: {fileID: 0}
    - target: {fileID: 7855643228773816291, guid: 5b871b231ee937341ae526986e5b6715,
        type: 3}
      propertyPath: m_LocalRotation.z
      value: 0
      objectReference: {fileID: 0}
    - target: {fileID: 7855643228773816291, guid: 5b871b231ee937341ae526986e5b6715,
        type: 3}
      propertyPath: m_LocalRotation.w
      value: 1
      objectReference: {fileID: 0}
    - target: {fileID: 7855643228773816291, guid: 5b871b231ee937341ae526986e5b6715,
        type: 3}
      propertyPath: m_RootOrder
      value: 3
      objectReference: {fileID: 0}
    - target: {fileID: 7855643228773816291, guid: 5b871b231ee937341ae526986e5b6715,
        type: 3}
      propertyPath: m_LocalEulerAnglesHint.x
      value: 0
      objectReference: {fileID: 0}
    - target: {fileID: 7855643228773816291, guid: 5b871b231ee937341ae526986e5b6715,
        type: 3}
      propertyPath: m_LocalEulerAnglesHint.y
      value: 0
      objectReference: {fileID: 0}
    - target: {fileID: 7855643228773816291, guid: 5b871b231ee937341ae526986e5b6715,
        type: 3}
      propertyPath: m_LocalEulerAnglesHint.z
      value: 0
      objectReference: {fileID: 0}
    - target: {fileID: 7855643228773816291, guid: 5b871b231ee937341ae526986e5b6715,
        type: 3}
      propertyPath: m_AnchoredPosition.x
      value: 20
      objectReference: {fileID: 0}
    - target: {fileID: 7855643228773816291, guid: 5b871b231ee937341ae526986e5b6715,
        type: 3}
      propertyPath: m_AnchoredPosition.y
      value: -120
      objectReference: {fileID: 0}
    - target: {fileID: 7855643228773816291, guid: 5b871b231ee937341ae526986e5b6715,
        type: 3}
      propertyPath: m_SizeDelta.x
      value: 300
      objectReference: {fileID: 0}
    - target: {fileID: 7855643228773816291, guid: 5b871b231ee937341ae526986e5b6715,
        type: 3}
      propertyPath: m_SizeDelta.y
      value: 100
      objectReference: {fileID: 0}
    - target: {fileID: 7855643228773816291, guid: 5b871b231ee937341ae526986e5b6715,
        type: 3}
      propertyPath: m_AnchorMin.x
      value: 0
      objectReference: {fileID: 0}
    - target: {fileID: 7855643228773816291, guid: 5b871b231ee937341ae526986e5b6715,
        type: 3}
      propertyPath: m_AnchorMin.y
      value: 1
      objectReference: {fileID: 0}
    - target: {fileID: 7855643228773816291, guid: 5b871b231ee937341ae526986e5b6715,
        type: 3}
      propertyPath: m_AnchorMax.x
      value: 0
      objectReference: {fileID: 0}
    - target: {fileID: 7855643228773816291, guid: 5b871b231ee937341ae526986e5b6715,
        type: 3}
      propertyPath: m_AnchorMax.y
      value: 1
      objectReference: {fileID: 0}
    - target: {fileID: 7855643228773816291, guid: 5b871b231ee937341ae526986e5b6715,
        type: 3}
      propertyPath: m_Pivot.x
      value: 0
      objectReference: {fileID: 0}
    - target: {fileID: 7855643228773816291, guid: 5b871b231ee937341ae526986e5b6715,
        type: 3}
      propertyPath: m_Pivot.y
      value: 1
      objectReference: {fileID: 0}
    - target: {fileID: 7855643228773816288, guid: 5b871b231ee937341ae526986e5b6715,
        type: 3}
      propertyPath: m_OnClick.m_PersistentCalls.m_Calls.Array.size
      value: 1
      objectReference: {fileID: 0}
    - target: {fileID: 7855643228773816288, guid: 5b871b231ee937341ae526986e5b6715,
        type: 3}
      propertyPath: m_OnClick.m_PersistentCalls.m_Calls.Array.data[0].m_Mode
      value: 1
      objectReference: {fileID: 0}
    - target: {fileID: 7855643228773816288, guid: 5b871b231ee937341ae526986e5b6715,
        type: 3}
      propertyPath: m_OnClick.m_PersistentCalls.m_Calls.Array.data[0].m_CallState
      value: 2
      objectReference: {fileID: 0}
    - target: {fileID: 7855643228773816288, guid: 5b871b231ee937341ae526986e5b6715,
        type: 3}
      propertyPath: m_OnClick.m_PersistentCalls.m_Calls.Array.data[0].m_Target
      value: 
      objectReference: {fileID: 1765547231}
    - target: {fileID: 7855643228773816288, guid: 5b871b231ee937341ae526986e5b6715,
        type: 3}
      propertyPath: m_OnClick.m_PersistentCalls.m_Calls.Array.data[0].m_MethodName
      value: ZoomOut
      objectReference: {fileID: 0}
    - target: {fileID: 7855643228773816288, guid: 5b871b231ee937341ae526986e5b6715,
        type: 3}
      propertyPath: m_OnClick.m_PersistentCalls.m_Calls.Array.data[0].m_Arguments.m_ObjectArgumentAssemblyTypeName
      value: UnityEngine.Object, UnityEngine
      objectReference: {fileID: 0}
    - target: {fileID: 7855643229756606154, guid: 5b871b231ee937341ae526986e5b6715,
        type: 3}
      propertyPath: m_havePropertiesChanged
      value: 1
      objectReference: {fileID: 0}
    - target: {fileID: 7855643229756606154, guid: 5b871b231ee937341ae526986e5b6715,
        type: 3}
      propertyPath: m_isInputParsingRequired
      value: 1
      objectReference: {fileID: 0}
    - target: {fileID: 7855643229756606154, guid: 5b871b231ee937341ae526986e5b6715,
        type: 3}
      propertyPath: m_text
      value: Zoom Out
      objectReference: {fileID: 0}
    - target: {fileID: 7855643229756606154, guid: 5b871b231ee937341ae526986e5b6715,
        type: 3}
      propertyPath: m_textInfo.characterCount
      value: 8
      objectReference: {fileID: 0}
    - target: {fileID: 7855643229756606154, guid: 5b871b231ee937341ae526986e5b6715,
        type: 3}
      propertyPath: m_textInfo.wordCount
      value: 2
      objectReference: {fileID: 0}
    - target: {fileID: 7855643229756606154, guid: 5b871b231ee937341ae526986e5b6715,
        type: 3}
      propertyPath: m_textInfo.spaceCount
      value: 1
      objectReference: {fileID: 0}
    m_RemovedComponents: []
  m_SourcePrefab: {fileID: 100100000, guid: 5b871b231ee937341ae526986e5b6715, type: 3}
--- !u!1001 &1235128991
PrefabInstance:
  m_ObjectHideFlags: 0
  serializedVersion: 2
  m_Modification:
    m_TransformParent: {fileID: 1550741551}
    m_Modifications:
    - target: {fileID: 7855643228773816290, guid: 5b871b231ee937341ae526986e5b6715,
        type: 3}
      propertyPath: m_Name
      value: ButtonStepRight
      objectReference: {fileID: 0}
    - target: {fileID: 7855643228773816291, guid: 5b871b231ee937341ae526986e5b6715,
        type: 3}
      propertyPath: m_LocalPosition.x
      value: 0
      objectReference: {fileID: 0}
    - target: {fileID: 7855643228773816291, guid: 5b871b231ee937341ae526986e5b6715,
        type: 3}
      propertyPath: m_LocalPosition.y
      value: 0
      objectReference: {fileID: 0}
    - target: {fileID: 7855643228773816291, guid: 5b871b231ee937341ae526986e5b6715,
        type: 3}
      propertyPath: m_LocalPosition.z
      value: 0
      objectReference: {fileID: 0}
    - target: {fileID: 7855643228773816291, guid: 5b871b231ee937341ae526986e5b6715,
        type: 3}
      propertyPath: m_LocalRotation.x
      value: 0
      objectReference: {fileID: 0}
    - target: {fileID: 7855643228773816291, guid: 5b871b231ee937341ae526986e5b6715,
        type: 3}
      propertyPath: m_LocalRotation.y
      value: 0
      objectReference: {fileID: 0}
    - target: {fileID: 7855643228773816291, guid: 5b871b231ee937341ae526986e5b6715,
        type: 3}
      propertyPath: m_LocalRotation.z
      value: 0
      objectReference: {fileID: 0}
    - target: {fileID: 7855643228773816291, guid: 5b871b231ee937341ae526986e5b6715,
        type: 3}
      propertyPath: m_LocalRotation.w
      value: 1
      objectReference: {fileID: 0}
    - target: {fileID: 7855643228773816291, guid: 5b871b231ee937341ae526986e5b6715,
        type: 3}
      propertyPath: m_RootOrder
      value: 7
      objectReference: {fileID: 0}
    - target: {fileID: 7855643228773816291, guid: 5b871b231ee937341ae526986e5b6715,
        type: 3}
      propertyPath: m_LocalEulerAnglesHint.x
      value: 0
      objectReference: {fileID: 0}
    - target: {fileID: 7855643228773816291, guid: 5b871b231ee937341ae526986e5b6715,
        type: 3}
      propertyPath: m_LocalEulerAnglesHint.y
      value: 0
      objectReference: {fileID: 0}
    - target: {fileID: 7855643228773816291, guid: 5b871b231ee937341ae526986e5b6715,
        type: 3}
      propertyPath: m_LocalEulerAnglesHint.z
      value: 0
      objectReference: {fileID: 0}
    - target: {fileID: 7855643228773816291, guid: 5b871b231ee937341ae526986e5b6715,
        type: 3}
      propertyPath: m_AnchoredPosition.x
      value: 20
      objectReference: {fileID: 0}
    - target: {fileID: 7855643228773816291, guid: 5b871b231ee937341ae526986e5b6715,
        type: 3}
      propertyPath: m_AnchoredPosition.y
      value: -720
      objectReference: {fileID: 0}
    - target: {fileID: 7855643228773816291, guid: 5b871b231ee937341ae526986e5b6715,
        type: 3}
      propertyPath: m_SizeDelta.x
      value: 300
      objectReference: {fileID: 0}
    - target: {fileID: 7855643228773816291, guid: 5b871b231ee937341ae526986e5b6715,
        type: 3}
      propertyPath: m_SizeDelta.y
      value: 100
      objectReference: {fileID: 0}
    - target: {fileID: 7855643228773816291, guid: 5b871b231ee937341ae526986e5b6715,
        type: 3}
      propertyPath: m_AnchorMin.x
      value: 0
      objectReference: {fileID: 0}
    - target: {fileID: 7855643228773816291, guid: 5b871b231ee937341ae526986e5b6715,
        type: 3}
      propertyPath: m_AnchorMin.y
      value: 1
      objectReference: {fileID: 0}
    - target: {fileID: 7855643228773816291, guid: 5b871b231ee937341ae526986e5b6715,
        type: 3}
      propertyPath: m_AnchorMax.x
      value: 0
      objectReference: {fileID: 0}
    - target: {fileID: 7855643228773816291, guid: 5b871b231ee937341ae526986e5b6715,
        type: 3}
      propertyPath: m_AnchorMax.y
      value: 1
      objectReference: {fileID: 0}
    - target: {fileID: 7855643228773816291, guid: 5b871b231ee937341ae526986e5b6715,
        type: 3}
      propertyPath: m_Pivot.x
      value: 0
      objectReference: {fileID: 0}
    - target: {fileID: 7855643228773816291, guid: 5b871b231ee937341ae526986e5b6715,
        type: 3}
      propertyPath: m_Pivot.y
      value: 1
      objectReference: {fileID: 0}
    - target: {fileID: 7855643228773816288, guid: 5b871b231ee937341ae526986e5b6715,
        type: 3}
      propertyPath: m_OnClick.m_PersistentCalls.m_Calls.Array.size
      value: 1
      objectReference: {fileID: 0}
    - target: {fileID: 7855643228773816288, guid: 5b871b231ee937341ae526986e5b6715,
        type: 3}
      propertyPath: m_OnClick.m_PersistentCalls.m_Calls.Array.data[0].m_Mode
      value: 1
      objectReference: {fileID: 0}
    - target: {fileID: 7855643228773816288, guid: 5b871b231ee937341ae526986e5b6715,
        type: 3}
      propertyPath: m_OnClick.m_PersistentCalls.m_Calls.Array.data[0].m_CallState
      value: 2
      objectReference: {fileID: 0}
    - target: {fileID: 7855643228773816288, guid: 5b871b231ee937341ae526986e5b6715,
        type: 3}
      propertyPath: m_OnClick.m_PersistentCalls.m_Calls.Array.data[0].m_Target
      value: 
      objectReference: {fileID: 1765547231}
    - target: {fileID: 7855643228773816288, guid: 5b871b231ee937341ae526986e5b6715,
        type: 3}
      propertyPath: m_OnClick.m_PersistentCalls.m_Calls.Array.data[0].m_MethodName
      value: StepRight
      objectReference: {fileID: 0}
    - target: {fileID: 7855643228773816288, guid: 5b871b231ee937341ae526986e5b6715,
        type: 3}
      propertyPath: m_OnClick.m_PersistentCalls.m_Calls.Array.data[0].m_Arguments.m_ObjectArgumentAssemblyTypeName
      value: UnityEngine.Object, UnityEngine
      objectReference: {fileID: 0}
    - target: {fileID: 7855643229756606154, guid: 5b871b231ee937341ae526986e5b6715,
        type: 3}
      propertyPath: m_havePropertiesChanged
      value: 1
      objectReference: {fileID: 0}
    - target: {fileID: 7855643229756606154, guid: 5b871b231ee937341ae526986e5b6715,
        type: 3}
      propertyPath: m_isInputParsingRequired
      value: 1
      objectReference: {fileID: 0}
    - target: {fileID: 7855643229756606154, guid: 5b871b231ee937341ae526986e5b6715,
        type: 3}
      propertyPath: m_text
      value: Step Right
      objectReference: {fileID: 0}
    - target: {fileID: 7855643229756606154, guid: 5b871b231ee937341ae526986e5b6715,
        type: 3}
      propertyPath: m_textInfo.characterCount
      value: 10
      objectReference: {fileID: 0}
    - target: {fileID: 7855643229756606154, guid: 5b871b231ee937341ae526986e5b6715,
        type: 3}
      propertyPath: m_textInfo.wordCount
      value: 2
      objectReference: {fileID: 0}
    - target: {fileID: 7855643229756606154, guid: 5b871b231ee937341ae526986e5b6715,
        type: 3}
      propertyPath: m_textInfo.spaceCount
      value: 1
      objectReference: {fileID: 0}
    m_RemovedComponents: []
  m_SourcePrefab: {fileID: 100100000, guid: 5b871b231ee937341ae526986e5b6715, type: 3}
--- !u!1001 &1396125786
PrefabInstance:
  m_ObjectHideFlags: 0
  serializedVersion: 2
  m_Modification:
    m_TransformParent: {fileID: 1550741551}
    m_Modifications:
    - target: {fileID: 7476793303149483269, guid: 92ee56c6583943b47b992313f40c9d56,
        type: 3}
      propertyPath: m_Name
      value: FpsCounter
      objectReference: {fileID: 0}
    - target: {fileID: 7476793303149483274, guid: 92ee56c6583943b47b992313f40c9d56,
        type: 3}
      propertyPath: m_LocalPosition.x
      value: 0
      objectReference: {fileID: 0}
    - target: {fileID: 7476793303149483274, guid: 92ee56c6583943b47b992313f40c9d56,
        type: 3}
      propertyPath: m_LocalPosition.y
      value: 0
      objectReference: {fileID: 0}
    - target: {fileID: 7476793303149483274, guid: 92ee56c6583943b47b992313f40c9d56,
        type: 3}
      propertyPath: m_LocalPosition.z
      value: 0
      objectReference: {fileID: 0}
    - target: {fileID: 7476793303149483274, guid: 92ee56c6583943b47b992313f40c9d56,
        type: 3}
      propertyPath: m_LocalRotation.x
      value: 0
      objectReference: {fileID: 0}
    - target: {fileID: 7476793303149483274, guid: 92ee56c6583943b47b992313f40c9d56,
        type: 3}
      propertyPath: m_LocalRotation.y
      value: 0
      objectReference: {fileID: 0}
    - target: {fileID: 7476793303149483274, guid: 92ee56c6583943b47b992313f40c9d56,
        type: 3}
      propertyPath: m_LocalRotation.z
      value: 0
      objectReference: {fileID: 0}
    - target: {fileID: 7476793303149483274, guid: 92ee56c6583943b47b992313f40c9d56,
        type: 3}
      propertyPath: m_LocalRotation.w
      value: 1
      objectReference: {fileID: 0}
    - target: {fileID: 7476793303149483274, guid: 92ee56c6583943b47b992313f40c9d56,
        type: 3}
      propertyPath: m_RootOrder
      value: 0
      objectReference: {fileID: 0}
    - target: {fileID: 7476793303149483274, guid: 92ee56c6583943b47b992313f40c9d56,
        type: 3}
      propertyPath: m_LocalEulerAnglesHint.x
      value: 0
      objectReference: {fileID: 0}
    - target: {fileID: 7476793303149483274, guid: 92ee56c6583943b47b992313f40c9d56,
        type: 3}
      propertyPath: m_LocalEulerAnglesHint.y
      value: 0
      objectReference: {fileID: 0}
    - target: {fileID: 7476793303149483274, guid: 92ee56c6583943b47b992313f40c9d56,
        type: 3}
      propertyPath: m_LocalEulerAnglesHint.z
      value: 0
      objectReference: {fileID: 0}
    - target: {fileID: 7476793303149483274, guid: 92ee56c6583943b47b992313f40c9d56,
        type: 3}
      propertyPath: m_AnchoredPosition.x
      value: 5
      objectReference: {fileID: 0}
    - target: {fileID: 7476793303149483274, guid: 92ee56c6583943b47b992313f40c9d56,
        type: 3}
      propertyPath: m_AnchoredPosition.y
      value: 5
      objectReference: {fileID: 0}
    - target: {fileID: 7476793303149483274, guid: 92ee56c6583943b47b992313f40c9d56,
        type: 3}
      propertyPath: m_SizeDelta.x
      value: 200
      objectReference: {fileID: 0}
    - target: {fileID: 7476793303149483274, guid: 92ee56c6583943b47b992313f40c9d56,
        type: 3}
      propertyPath: m_SizeDelta.y
      value: 80
      objectReference: {fileID: 0}
    - target: {fileID: 7476793303149483274, guid: 92ee56c6583943b47b992313f40c9d56,
        type: 3}
      propertyPath: m_AnchorMin.x
      value: 0
      objectReference: {fileID: 0}
    - target: {fileID: 7476793303149483274, guid: 92ee56c6583943b47b992313f40c9d56,
        type: 3}
      propertyPath: m_AnchorMin.y
      value: 0
      objectReference: {fileID: 0}
    - target: {fileID: 7476793303149483274, guid: 92ee56c6583943b47b992313f40c9d56,
        type: 3}
      propertyPath: m_AnchorMax.x
      value: 0
      objectReference: {fileID: 0}
    - target: {fileID: 7476793303149483274, guid: 92ee56c6583943b47b992313f40c9d56,
        type: 3}
      propertyPath: m_AnchorMax.y
      value: 0
      objectReference: {fileID: 0}
    - target: {fileID: 7476793303149483274, guid: 92ee56c6583943b47b992313f40c9d56,
        type: 3}
      propertyPath: m_Pivot.x
      value: 0
      objectReference: {fileID: 0}
    - target: {fileID: 7476793303149483274, guid: 92ee56c6583943b47b992313f40c9d56,
        type: 3}
      propertyPath: m_Pivot.y
      value: 0
      objectReference: {fileID: 0}
    - target: {fileID: 7476793303149483275, guid: 92ee56c6583943b47b992313f40c9d56,
        type: 3}
      propertyPath: m_havePropertiesChanged
      value: 1
      objectReference: {fileID: 0}
    - target: {fileID: 7476793303149483275, guid: 92ee56c6583943b47b992313f40c9d56,
        type: 3}
      propertyPath: m_isInputParsingRequired
      value: 1
      objectReference: {fileID: 0}
    m_RemovedComponents: []
  m_SourcePrefab: {fileID: 100100000, guid: 92ee56c6583943b47b992313f40c9d56, type: 3}
--- !u!1001 &1415517094
PrefabInstance:
  m_ObjectHideFlags: 0
  serializedVersion: 2
  m_Modification:
    m_TransformParent: {fileID: 0}
    m_Modifications:
    - target: {fileID: 5109348551107779393, guid: 16ed5be35c24bce41b9b894e8fa15a26,
        type: 3}
      propertyPath: m_Name
      value: Spaceship
      objectReference: {fileID: 0}
    - target: {fileID: 3983718839926668079, guid: 16ed5be35c24bce41b9b894e8fa15a26,
        type: 3}
      propertyPath: m_LocalPosition.x
      value: 0
      objectReference: {fileID: 0}
    - target: {fileID: 3983718839926668079, guid: 16ed5be35c24bce41b9b894e8fa15a26,
        type: 3}
      propertyPath: m_LocalPosition.y
      value: 0
      objectReference: {fileID: 0}
    - target: {fileID: 3983718839926668079, guid: 16ed5be35c24bce41b9b894e8fa15a26,
        type: 3}
      propertyPath: m_LocalPosition.z
      value: 0
      objectReference: {fileID: 0}
    - target: {fileID: 3983718839926668079, guid: 16ed5be35c24bce41b9b894e8fa15a26,
        type: 3}
      propertyPath: m_LocalRotation.x
      value: 0
      objectReference: {fileID: 0}
    - target: {fileID: 3983718839926668079, guid: 16ed5be35c24bce41b9b894e8fa15a26,
        type: 3}
      propertyPath: m_LocalRotation.y
      value: 0
      objectReference: {fileID: 0}
    - target: {fileID: 3983718839926668079, guid: 16ed5be35c24bce41b9b894e8fa15a26,
        type: 3}
      propertyPath: m_LocalRotation.z
      value: 0
      objectReference: {fileID: 0}
    - target: {fileID: 3983718839926668079, guid: 16ed5be35c24bce41b9b894e8fa15a26,
        type: 3}
      propertyPath: m_LocalRotation.w
      value: 1
      objectReference: {fileID: 0}
    - target: {fileID: 3983718839926668079, guid: 16ed5be35c24bce41b9b894e8fa15a26,
        type: 3}
      propertyPath: m_RootOrder
      value: 2
      objectReference: {fileID: 0}
    - target: {fileID: 3983718839926668079, guid: 16ed5be35c24bce41b9b894e8fa15a26,
        type: 3}
      propertyPath: m_LocalEulerAnglesHint.x
      value: 0
      objectReference: {fileID: 0}
    - target: {fileID: 3983718839926668079, guid: 16ed5be35c24bce41b9b894e8fa15a26,
        type: 3}
      propertyPath: m_LocalEulerAnglesHint.y
      value: 0
      objectReference: {fileID: 0}
    - target: {fileID: 3983718839926668079, guid: 16ed5be35c24bce41b9b894e8fa15a26,
        type: 3}
      propertyPath: m_LocalEulerAnglesHint.z
      value: 0
      objectReference: {fileID: 0}
    - target: {fileID: 3983718839926668079, guid: 16ed5be35c24bce41b9b894e8fa15a26,
        type: 3}
      propertyPath: m_AnchoredPosition.x
      value: 0
      objectReference: {fileID: 0}
    - target: {fileID: 3983718839926668079, guid: 16ed5be35c24bce41b9b894e8fa15a26,
        type: 3}
      propertyPath: m_AnchoredPosition.y
      value: 0
      objectReference: {fileID: 0}
    - target: {fileID: 3983718839926668079, guid: 16ed5be35c24bce41b9b894e8fa15a26,
        type: 3}
      propertyPath: m_SizeDelta.x
      value: 100
      objectReference: {fileID: 0}
    - target: {fileID: 3983718839926668079, guid: 16ed5be35c24bce41b9b894e8fa15a26,
        type: 3}
      propertyPath: m_SizeDelta.y
      value: 100
      objectReference: {fileID: 0}
    - target: {fileID: 3983718839926668079, guid: 16ed5be35c24bce41b9b894e8fa15a26,
        type: 3}
      propertyPath: m_AnchorMin.x
      value: 0.5
      objectReference: {fileID: 0}
    - target: {fileID: 3983718839926668079, guid: 16ed5be35c24bce41b9b894e8fa15a26,
        type: 3}
      propertyPath: m_AnchorMin.y
      value: 0.5
      objectReference: {fileID: 0}
    - target: {fileID: 3983718839926668079, guid: 16ed5be35c24bce41b9b894e8fa15a26,
        type: 3}
      propertyPath: m_AnchorMax.x
      value: 0.5
      objectReference: {fileID: 0}
    - target: {fileID: 3983718839926668079, guid: 16ed5be35c24bce41b9b894e8fa15a26,
        type: 3}
      propertyPath: m_AnchorMax.y
      value: 0.5
      objectReference: {fileID: 0}
    - target: {fileID: 3983718839926668079, guid: 16ed5be35c24bce41b9b894e8fa15a26,
        type: 3}
      propertyPath: m_Pivot.x
      value: 0.5
      objectReference: {fileID: 0}
    - target: {fileID: 3983718839926668079, guid: 16ed5be35c24bce41b9b894e8fa15a26,
        type: 3}
      propertyPath: m_Pivot.y
      value: 0.5
      objectReference: {fileID: 0}
    - target: {fileID: 4083266747312729396, guid: 16ed5be35c24bce41b9b894e8fa15a26,
        type: 3}
      propertyPath: m_Mesh
      value: 
      objectReference: {fileID: 0}
    - target: {fileID: 7530749223902485613, guid: 16ed5be35c24bce41b9b894e8fa15a26,
        type: 3}
      propertyPath: m_havePropertiesChanged
      value: 1
      objectReference: {fileID: 0}
    - target: {fileID: 7530749223902485613, guid: 16ed5be35c24bce41b9b894e8fa15a26,
        type: 3}
      propertyPath: m_isInputParsingRequired
      value: 1
      objectReference: {fileID: 0}
    - target: {fileID: 988087950846285562, guid: 16ed5be35c24bce41b9b894e8fa15a26,
        type: 3}
      propertyPath: m_RootOrder
      value: 1
      objectReference: {fileID: 0}
    m_RemovedComponents: []
  m_SourcePrefab: {fileID: 100100000, guid: 16ed5be35c24bce41b9b894e8fa15a26, type: 3}
--- !u!114 &1415517095 stripped
MonoBehaviour:
  m_CorrespondingSourceObject: {fileID: 4683238068700182841, guid: 16ed5be35c24bce41b9b894e8fa15a26,
    type: 3}
  m_PrefabInstance: {fileID: 1415517094}
  m_PrefabAsset: {fileID: 0}
  m_GameObject: {fileID: 0}
  m_Enabled: 1
  m_EditorHideFlags: 0
  m_Script: {fileID: 11500000, guid: f2f628bfe32ed09468963fe545d2b0ae, type: 3}
  m_Name: 
  m_EditorClassIdentifier: 
--- !u!1 &1477529695
GameObject:
  m_ObjectHideFlags: 0
  m_CorrespondingSourceObject: {fileID: 0}
  m_PrefabInstance: {fileID: 0}
  m_PrefabAsset: {fileID: 0}
  serializedVersion: 6
  m_Component:
  - component: {fileID: 1477529698}
  - component: {fileID: 1477529697}
  - component: {fileID: 1477529696}
  m_Layer: 0
  m_Name: EventSystem
  m_TagString: Untagged
  m_Icon: {fileID: 0}
  m_NavMeshLayer: 0
  m_StaticEditorFlags: 0
  m_IsActive: 1
--- !u!114 &1477529696
MonoBehaviour:
  m_ObjectHideFlags: 0
  m_CorrespondingSourceObject: {fileID: 0}
  m_PrefabInstance: {fileID: 0}
  m_PrefabAsset: {fileID: 0}
  m_GameObject: {fileID: 1477529695}
  m_Enabled: 1
  m_EditorHideFlags: 0
  m_Script: {fileID: 1077351063, guid: f70555f144d8491a825f0804e09c671c, type: 3}
  m_Name: 
  m_EditorClassIdentifier: 
  m_HorizontalAxis: Horizontal
  m_VerticalAxis: Vertical
  m_SubmitButton: Submit
  m_CancelButton: Cancel
  m_InputActionsPerSecond: 10
  m_RepeatDelay: 0.5
  m_ForceModuleActive: 0
--- !u!114 &1477529697
MonoBehaviour:
  m_ObjectHideFlags: 0
  m_CorrespondingSourceObject: {fileID: 0}
  m_PrefabInstance: {fileID: 0}
  m_PrefabAsset: {fileID: 0}
  m_GameObject: {fileID: 1477529695}
  m_Enabled: 1
  m_EditorHideFlags: 0
  m_Script: {fileID: -619905303, guid: f70555f144d8491a825f0804e09c671c, type: 3}
  m_Name: 
  m_EditorClassIdentifier: 
  m_FirstSelected: {fileID: 0}
  m_sendNavigationEvents: 1
  m_DragThreshold: 10
--- !u!4 &1477529698
Transform:
  m_ObjectHideFlags: 0
  m_CorrespondingSourceObject: {fileID: 0}
  m_PrefabInstance: {fileID: 0}
  m_PrefabAsset: {fileID: 0}
  m_GameObject: {fileID: 1477529695}
  m_LocalRotation: {x: 0, y: 0, z: 0, w: 1}
  m_LocalPosition: {x: 0, y: 0, z: 0}
  m_LocalScale: {x: 1, y: 1, z: 1}
  m_Children: []
  m_Father: {fileID: 0}
  m_RootOrder: 3
  m_LocalEulerAnglesHint: {x: 0, y: 0, z: 0}
--- !u!1001 &1550741550
PrefabInstance:
  m_ObjectHideFlags: 0
  serializedVersion: 2
  m_Modification:
    m_TransformParent: {fileID: 0}
    m_Modifications:
    - target: {fileID: 7109839932603903356, guid: 656eb3f68d7a1ac4faa14ef8d485ad48,
        type: 3}
      propertyPath: m_Name
      value: Canvas
      objectReference: {fileID: 0}
    - target: {fileID: 7109839932603903359, guid: 656eb3f68d7a1ac4faa14ef8d485ad48,
        type: 3}
      propertyPath: m_LocalPosition.x
      value: 0
      objectReference: {fileID: 0}
    - target: {fileID: 7109839932603903359, guid: 656eb3f68d7a1ac4faa14ef8d485ad48,
        type: 3}
      propertyPath: m_LocalPosition.y
      value: 0
      objectReference: {fileID: 0}
    - target: {fileID: 7109839932603903359, guid: 656eb3f68d7a1ac4faa14ef8d485ad48,
        type: 3}
      propertyPath: m_LocalPosition.z
      value: 0
      objectReference: {fileID: 0}
    - target: {fileID: 7109839932603903359, guid: 656eb3f68d7a1ac4faa14ef8d485ad48,
        type: 3}
      propertyPath: m_LocalRotation.x
      value: 0
      objectReference: {fileID: 0}
    - target: {fileID: 7109839932603903359, guid: 656eb3f68d7a1ac4faa14ef8d485ad48,
        type: 3}
      propertyPath: m_LocalRotation.y
      value: 0
      objectReference: {fileID: 0}
    - target: {fileID: 7109839932603903359, guid: 656eb3f68d7a1ac4faa14ef8d485ad48,
        type: 3}
      propertyPath: m_LocalRotation.z
      value: 0
      objectReference: {fileID: 0}
    - target: {fileID: 7109839932603903359, guid: 656eb3f68d7a1ac4faa14ef8d485ad48,
        type: 3}
      propertyPath: m_LocalRotation.w
      value: 1
      objectReference: {fileID: 0}
    - target: {fileID: 7109839932603903359, guid: 656eb3f68d7a1ac4faa14ef8d485ad48,
        type: 3}
      propertyPath: m_RootOrder
      value: 2
      objectReference: {fileID: 0}
    - target: {fileID: 7109839932603903359, guid: 656eb3f68d7a1ac4faa14ef8d485ad48,
        type: 3}
      propertyPath: m_LocalEulerAnglesHint.x
      value: 0
      objectReference: {fileID: 0}
    - target: {fileID: 7109839932603903359, guid: 656eb3f68d7a1ac4faa14ef8d485ad48,
        type: 3}
      propertyPath: m_LocalEulerAnglesHint.y
      value: 0
      objectReference: {fileID: 0}
    - target: {fileID: 7109839932603903359, guid: 656eb3f68d7a1ac4faa14ef8d485ad48,
        type: 3}
      propertyPath: m_LocalEulerAnglesHint.z
      value: 0
      objectReference: {fileID: 0}
    - target: {fileID: 7109839932603903359, guid: 656eb3f68d7a1ac4faa14ef8d485ad48,
        type: 3}
      propertyPath: m_AnchoredPosition.x
      value: 0
      objectReference: {fileID: 0}
    - target: {fileID: 7109839932603903359, guid: 656eb3f68d7a1ac4faa14ef8d485ad48,
        type: 3}
      propertyPath: m_AnchoredPosition.y
      value: 0
      objectReference: {fileID: 0}
    - target: {fileID: 7109839932603903359, guid: 656eb3f68d7a1ac4faa14ef8d485ad48,
        type: 3}
      propertyPath: m_SizeDelta.x
      value: 0
      objectReference: {fileID: 0}
    - target: {fileID: 7109839932603903359, guid: 656eb3f68d7a1ac4faa14ef8d485ad48,
        type: 3}
      propertyPath: m_SizeDelta.y
      value: 0
      objectReference: {fileID: 0}
    - target: {fileID: 7109839932603903359, guid: 656eb3f68d7a1ac4faa14ef8d485ad48,
        type: 3}
      propertyPath: m_AnchorMin.x
      value: 0
      objectReference: {fileID: 0}
    - target: {fileID: 7109839932603903359, guid: 656eb3f68d7a1ac4faa14ef8d485ad48,
        type: 3}
      propertyPath: m_AnchorMin.y
      value: 0
      objectReference: {fileID: 0}
    - target: {fileID: 7109839932603903359, guid: 656eb3f68d7a1ac4faa14ef8d485ad48,
        type: 3}
      propertyPath: m_AnchorMax.x
      value: 0
      objectReference: {fileID: 0}
    - target: {fileID: 7109839932603903359, guid: 656eb3f68d7a1ac4faa14ef8d485ad48,
        type: 3}
      propertyPath: m_AnchorMax.y
      value: 0
      objectReference: {fileID: 0}
    - target: {fileID: 7109839932603903359, guid: 656eb3f68d7a1ac4faa14ef8d485ad48,
        type: 3}
      propertyPath: m_Pivot.x
      value: 0
      objectReference: {fileID: 0}
    - target: {fileID: 7109839932603903359, guid: 656eb3f68d7a1ac4faa14ef8d485ad48,
        type: 3}
      propertyPath: m_Pivot.y
      value: 0
      objectReference: {fileID: 0}
    m_RemovedComponents: []
  m_SourcePrefab: {fileID: 100100000, guid: 656eb3f68d7a1ac4faa14ef8d485ad48, type: 3}
--- !u!224 &1550741551 stripped
RectTransform:
  m_CorrespondingSourceObject: {fileID: 7109839932603903359, guid: 656eb3f68d7a1ac4faa14ef8d485ad48,
    type: 3}
  m_PrefabInstance: {fileID: 1550741550}
  m_PrefabAsset: {fileID: 0}
--- !u!1001 &1575951387
PrefabInstance:
  m_ObjectHideFlags: 0
  serializedVersion: 2
  m_Modification:
    m_TransformParent: {fileID: 1550741551}
    m_Modifications:
    - target: {fileID: 7855643228773816290, guid: 5b871b231ee937341ae526986e5b6715,
        type: 3}
      propertyPath: m_Name
      value: ButtonStepDown
      objectReference: {fileID: 0}
    - target: {fileID: 7855643228773816291, guid: 5b871b231ee937341ae526986e5b6715,
        type: 3}
      propertyPath: m_LocalPosition.x
      value: 0
      objectReference: {fileID: 0}
    - target: {fileID: 7855643228773816291, guid: 5b871b231ee937341ae526986e5b6715,
        type: 3}
      propertyPath: m_LocalPosition.y
      value: 0
      objectReference: {fileID: 0}
    - target: {fileID: 7855643228773816291, guid: 5b871b231ee937341ae526986e5b6715,
        type: 3}
      propertyPath: m_LocalPosition.z
      value: 0
      objectReference: {fileID: 0}
    - target: {fileID: 7855643228773816291, guid: 5b871b231ee937341ae526986e5b6715,
        type: 3}
      propertyPath: m_LocalRotation.x
      value: 0
      objectReference: {fileID: 0}
    - target: {fileID: 7855643228773816291, guid: 5b871b231ee937341ae526986e5b6715,
        type: 3}
      propertyPath: m_LocalRotation.y
      value: 0
      objectReference: {fileID: 0}
    - target: {fileID: 7855643228773816291, guid: 5b871b231ee937341ae526986e5b6715,
        type: 3}
      propertyPath: m_LocalRotation.z
      value: 0
      objectReference: {fileID: 0}
    - target: {fileID: 7855643228773816291, guid: 5b871b231ee937341ae526986e5b6715,
        type: 3}
      propertyPath: m_LocalRotation.w
      value: 1
      objectReference: {fileID: 0}
    - target: {fileID: 7855643228773816291, guid: 5b871b231ee937341ae526986e5b6715,
        type: 3}
      propertyPath: m_RootOrder
      value: 8
      objectReference: {fileID: 0}
    - target: {fileID: 7855643228773816291, guid: 5b871b231ee937341ae526986e5b6715,
        type: 3}
      propertyPath: m_LocalEulerAnglesHint.x
      value: 0
      objectReference: {fileID: 0}
    - target: {fileID: 7855643228773816291, guid: 5b871b231ee937341ae526986e5b6715,
        type: 3}
      propertyPath: m_LocalEulerAnglesHint.y
      value: 0
      objectReference: {fileID: 0}
    - target: {fileID: 7855643228773816291, guid: 5b871b231ee937341ae526986e5b6715,
        type: 3}
      propertyPath: m_LocalEulerAnglesHint.z
      value: 0
      objectReference: {fileID: 0}
    - target: {fileID: 7855643228773816291, guid: 5b871b231ee937341ae526986e5b6715,
        type: 3}
      propertyPath: m_AnchoredPosition.x
      value: 20
      objectReference: {fileID: 0}
    - target: {fileID: 7855643228773816291, guid: 5b871b231ee937341ae526986e5b6715,
        type: 3}
      propertyPath: m_AnchoredPosition.y
      value: -850
      objectReference: {fileID: 0}
    - target: {fileID: 7855643228773816291, guid: 5b871b231ee937341ae526986e5b6715,
        type: 3}
      propertyPath: m_SizeDelta.x
      value: 300
      objectReference: {fileID: 0}
    - target: {fileID: 7855643228773816291, guid: 5b871b231ee937341ae526986e5b6715,
        type: 3}
      propertyPath: m_SizeDelta.y
      value: 100
      objectReference: {fileID: 0}
    - target: {fileID: 7855643228773816291, guid: 5b871b231ee937341ae526986e5b6715,
        type: 3}
      propertyPath: m_AnchorMin.x
      value: 0
      objectReference: {fileID: 0}
    - target: {fileID: 7855643228773816291, guid: 5b871b231ee937341ae526986e5b6715,
        type: 3}
      propertyPath: m_AnchorMin.y
      value: 1
      objectReference: {fileID: 0}
    - target: {fileID: 7855643228773816291, guid: 5b871b231ee937341ae526986e5b6715,
        type: 3}
      propertyPath: m_AnchorMax.x
      value: 0
      objectReference: {fileID: 0}
    - target: {fileID: 7855643228773816291, guid: 5b871b231ee937341ae526986e5b6715,
        type: 3}
      propertyPath: m_AnchorMax.y
      value: 1
      objectReference: {fileID: 0}
    - target: {fileID: 7855643228773816291, guid: 5b871b231ee937341ae526986e5b6715,
        type: 3}
      propertyPath: m_Pivot.x
      value: 0
      objectReference: {fileID: 0}
    - target: {fileID: 7855643228773816291, guid: 5b871b231ee937341ae526986e5b6715,
        type: 3}
      propertyPath: m_Pivot.y
      value: 1
      objectReference: {fileID: 0}
    - target: {fileID: 7855643228773816288, guid: 5b871b231ee937341ae526986e5b6715,
        type: 3}
      propertyPath: m_OnClick.m_PersistentCalls.m_Calls.Array.size
      value: 1
      objectReference: {fileID: 0}
    - target: {fileID: 7855643228773816288, guid: 5b871b231ee937341ae526986e5b6715,
        type: 3}
      propertyPath: m_OnClick.m_PersistentCalls.m_Calls.Array.data[0].m_Mode
      value: 1
      objectReference: {fileID: 0}
    - target: {fileID: 7855643228773816288, guid: 5b871b231ee937341ae526986e5b6715,
        type: 3}
      propertyPath: m_OnClick.m_PersistentCalls.m_Calls.Array.data[0].m_CallState
      value: 2
      objectReference: {fileID: 0}
    - target: {fileID: 7855643228773816288, guid: 5b871b231ee937341ae526986e5b6715,
        type: 3}
      propertyPath: m_OnClick.m_PersistentCalls.m_Calls.Array.data[0].m_Target
      value: 
      objectReference: {fileID: 1765547231}
    - target: {fileID: 7855643228773816288, guid: 5b871b231ee937341ae526986e5b6715,
        type: 3}
      propertyPath: m_OnClick.m_PersistentCalls.m_Calls.Array.data[0].m_MethodName
      value: StepDown
      objectReference: {fileID: 0}
    - target: {fileID: 7855643228773816288, guid: 5b871b231ee937341ae526986e5b6715,
        type: 3}
      propertyPath: m_OnClick.m_PersistentCalls.m_Calls.Array.data[0].m_Arguments.m_ObjectArgumentAssemblyTypeName
      value: UnityEngine.Object, UnityEngine
      objectReference: {fileID: 0}
    - target: {fileID: 7855643229756606154, guid: 5b871b231ee937341ae526986e5b6715,
        type: 3}
      propertyPath: m_havePropertiesChanged
      value: 1
      objectReference: {fileID: 0}
    - target: {fileID: 7855643229756606154, guid: 5b871b231ee937341ae526986e5b6715,
        type: 3}
      propertyPath: m_isInputParsingRequired
      value: 1
      objectReference: {fileID: 0}
    - target: {fileID: 7855643229756606154, guid: 5b871b231ee937341ae526986e5b6715,
        type: 3}
      propertyPath: m_text
      value: Step Down
      objectReference: {fileID: 0}
    - target: {fileID: 7855643229756606154, guid: 5b871b231ee937341ae526986e5b6715,
        type: 3}
      propertyPath: m_textInfo.characterCount
      value: 9
      objectReference: {fileID: 0}
    - target: {fileID: 7855643229756606154, guid: 5b871b231ee937341ae526986e5b6715,
        type: 3}
      propertyPath: m_textInfo.wordCount
      value: 2
      objectReference: {fileID: 0}
    m_RemovedComponents: []
  m_SourcePrefab: {fileID: 100100000, guid: 5b871b231ee937341ae526986e5b6715, type: 3}
--- !u!1 &1608900575
GameObject:
  m_ObjectHideFlags: 0
  m_CorrespondingSourceObject: {fileID: 0}
  m_PrefabInstance: {fileID: 0}
  m_PrefabAsset: {fileID: 0}
  serializedVersion: 6
  m_Component:
  - component: {fileID: 1608900576}
  - component: {fileID: 1608900578}
  - component: {fileID: 1608900577}
  m_Layer: 0
  m_Name: VisibiltyTitle
  m_TagString: Untagged
  m_Icon: {fileID: 0}
  m_NavMeshLayer: 0
  m_StaticEditorFlags: 0
  m_IsActive: 1
--- !u!224 &1608900576
RectTransform:
  m_ObjectHideFlags: 0
  m_CorrespondingSourceObject: {fileID: 0}
  m_PrefabInstance: {fileID: 0}
  m_PrefabAsset: {fileID: 0}
  m_GameObject: {fileID: 1608900575}
  m_LocalRotation: {x: 0, y: 0, z: 0, w: 1}
  m_LocalPosition: {x: 0, y: 0, z: 0}
  m_LocalScale: {x: 1, y: 1, z: 1}
  m_Children: []
  m_Father: {fileID: 1550741551}
  m_RootOrder: 1
  m_LocalEulerAnglesHint: {x: 0, y: 0, z: 0}
  m_AnchorMin: {x: 0, y: 1}
  m_AnchorMax: {x: 0, y: 1}
  m_AnchoredPosition: {x: 20, y: -20}
  m_SizeDelta: {x: 350, y: 60}
  m_Pivot: {x: 0, y: 1}
--- !u!114 &1608900577
MonoBehaviour:
  m_ObjectHideFlags: 0
  m_CorrespondingSourceObject: {fileID: 0}
  m_PrefabInstance: {fileID: 0}
  m_PrefabAsset: {fileID: 0}
  m_GameObject: {fileID: 1608900575}
  m_Enabled: 1
  m_EditorHideFlags: 0
  m_Script: {fileID: 11500000, guid: f4688fdb7df04437aeb418b961361dc5, type: 3}
  m_Name: 
  m_EditorClassIdentifier: 
  m_Material: {fileID: 0}
  m_Color: {r: 1, g: 1, b: 1, a: 1}
  m_RaycastTarget: 1
  m_OnCullStateChanged:
    m_PersistentCalls:
      m_Calls: []
    m_TypeName: UnityEngine.UI.MaskableGraphic+CullStateChangedEvent, UnityEngine.UI,
      Version=1.0.0.0, Culture=neutral, PublicKeyToken=null
  m_text: 'Visibility Size:'
  m_isRightToLeft: 0
  m_fontAsset: {fileID: 11400000, guid: 8f586378b4e144a9851e7b34d9b748ee, type: 2}
  m_sharedMaterial: {fileID: 2180264, guid: 8f586378b4e144a9851e7b34d9b748ee, type: 2}
  m_fontSharedMaterials: []
  m_fontMaterial: {fileID: 0}
  m_fontMaterials: []
  m_fontColor32:
    serializedVersion: 2
    rgba: 4294967295
  m_fontColor: {r: 1, g: 1, b: 1, a: 1}
  m_enableVertexGradient: 0
  m_colorMode: 3
  m_fontColorGradient:
    topLeft: {r: 1, g: 1, b: 1, a: 1}
    topRight: {r: 1, g: 1, b: 1, a: 1}
    bottomLeft: {r: 1, g: 1, b: 1, a: 1}
    bottomRight: {r: 1, g: 1, b: 1, a: 1}
  m_fontColorGradientPreset: {fileID: 0}
  m_spriteAsset: {fileID: 0}
  m_tintAllSprites: 0
  m_overrideHtmlColors: 0
  m_faceColor:
    serializedVersion: 2
    rgba: 4294967295
  m_outlineColor:
    serializedVersion: 2
    rgba: 4278190080
  m_fontSize: 50
  m_fontSizeBase: 50
  m_fontWeight: 400
  m_enableAutoSizing: 0
  m_fontSizeMin: 18
  m_fontSizeMax: 72
  m_fontStyle: 0
  m_textAlignment: 513
  m_isAlignmentEnumConverted: 1
  m_characterSpacing: 0
  m_wordSpacing: 0
  m_lineSpacing: 0
  m_lineSpacingMax: 0
  m_paragraphSpacing: 0
  m_charWidthMaxAdj: 0
  m_enableWordWrapping: 1
  m_wordWrappingRatios: 0.4
  m_overflowMode: 0
  m_firstOverflowCharacterIndex: -1
  m_linkedTextComponent: {fileID: 0}
  m_isLinkedTextComponent: 0
  m_isTextTruncated: 0
  m_enableKerning: 1
  m_enableExtraPadding: 0
  checkPaddingRequired: 0
  m_isRichText: 1
  m_parseCtrlCharacters: 1
  m_isOrthographic: 1
  m_isCullingEnabled: 0
  m_ignoreRectMaskCulling: 0
  m_ignoreCulling: 1
  m_horizontalMapping: 0
  m_verticalMapping: 0
  m_uvLineOffset: 0
  m_geometrySortingOrder: 0
  m_firstVisibleCharacter: 0
  m_useMaxVisibleDescender: 1
  m_pageToDisplay: 1
  m_margin: {x: 0, y: 0, z: 0, w: 0}
  m_textInfo:
    textComponent: {fileID: 1608900577}
    characterCount: 16
    spriteCount: 0
    spaceCount: 1
    wordCount: 2
    linkCount: 0
    lineCount: 1
    pageCount: 1
    materialCount: 1
  m_havePropertiesChanged: 0
  m_isUsingLegacyAnimationComponent: 0
  m_isVolumetricText: 0
  m_spriteAnimator: {fileID: 0}
  m_isInputParsingRequired: 0
  m_inputSource: 0
  m_hasFontAssetChanged: 0
  m_subTextObjects:
  - {fileID: 0}
  - {fileID: 0}
  - {fileID: 0}
  - {fileID: 0}
  - {fileID: 0}
  - {fileID: 0}
  - {fileID: 0}
  - {fileID: 0}
  m_baseMaterial: {fileID: 0}
  m_maskOffset: {x: 0, y: 0, z: 0, w: 0}
--- !u!222 &1608900578
CanvasRenderer:
  m_ObjectHideFlags: 0
  m_CorrespondingSourceObject: {fileID: 0}
  m_PrefabInstance: {fileID: 0}
  m_PrefabAsset: {fileID: 0}
  m_GameObject: {fileID: 1608900575}
  m_CullTransparentMesh: 0
--- !u!1 &1765547229
GameObject:
  m_ObjectHideFlags: 0
  m_CorrespondingSourceObject: {fileID: 0}
  m_PrefabInstance: {fileID: 0}
  m_PrefabAsset: {fileID: 0}
  serializedVersion: 6
  m_Component:
  - component: {fileID: 1765547230}
  - component: {fileID: 1765547231}
  m_Layer: 0
  m_Name: Space
  m_TagString: Untagged
  m_Icon: {fileID: 0}
  m_NavMeshLayer: 0
  m_StaticEditorFlags: 0
  m_IsActive: 1
--- !u!4 &1765547230
Transform:
  m_ObjectHideFlags: 0
  m_CorrespondingSourceObject: {fileID: 0}
  m_PrefabInstance: {fileID: 0}
  m_PrefabAsset: {fileID: 0}
  m_GameObject: {fileID: 1765547229}
  m_LocalRotation: {x: 0, y: 0, z: 0, w: 1}
  m_LocalPosition: {x: 0, y: 0, z: 0}
  m_LocalScale: {x: 1, y: 1, z: 1}
  m_Children: []
  m_Father: {fileID: 0}
  m_RootOrder: 4
  m_LocalEulerAnglesHint: {x: 0, y: 0, z: 0}
--- !u!114 &1765547231
MonoBehaviour:
  m_ObjectHideFlags: 0
  m_CorrespondingSourceObject: {fileID: 0}
  m_PrefabInstance: {fileID: 0}
  m_PrefabAsset: {fileID: 0}
  m_GameObject: {fileID: 1765547229}
  m_Enabled: 1
  m_EditorHideFlags: 0
  m_Script: {fileID: 11500000, guid: 170e1a04364a49639848a80aaa459381, type: 3}
  m_Name: 
  m_EditorClassIdentifier: 
  _spaceshipView: {fileID: 1415517095}
  _planetPrefab: {fileID: 1883058207429183446, guid: c473d356e74dc3a479510df3e58a7486,
    type: 3}
  _camera: {fileID: 519420031}
  _visibilitySizeText: {fileID: 1829915253}
--- !u!1 &1829915251
GameObject:
  m_ObjectHideFlags: 0
  m_CorrespondingSourceObject: {fileID: 0}
  m_PrefabInstance: {fileID: 0}
  m_PrefabAsset: {fileID: 0}
  serializedVersion: 6
  m_Component:
  - component: {fileID: 1829915252}
  - component: {fileID: 1829915254}
  - component: {fileID: 1829915253}
  m_Layer: 0
  m_Name: VisibiltyValue
  m_TagString: Untagged
  m_Icon: {fileID: 0}
  m_NavMeshLayer: 0
  m_StaticEditorFlags: 0
  m_IsActive: 1
--- !u!224 &1829915252
RectTransform:
  m_ObjectHideFlags: 0
  m_CorrespondingSourceObject: {fileID: 0}
  m_PrefabInstance: {fileID: 0}
  m_PrefabAsset: {fileID: 0}
  m_GameObject: {fileID: 1829915251}
  m_LocalRotation: {x: 0, y: 0, z: 0, w: 1}
  m_LocalPosition: {x: 0, y: 0, z: 0}
  m_LocalScale: {x: 1, y: 1, z: 1}
  m_Children: []
  m_Father: {fileID: 1550741551}
  m_RootOrder: 2
  m_LocalEulerAnglesHint: {x: 0, y: 0, z: 0}
  m_AnchorMin: {x: 0, y: 1}
  m_AnchorMax: {x: 0, y: 1}
  m_AnchoredPosition: {x: 350, y: -20}
  m_SizeDelta: {x: 200, y: 60}
  m_Pivot: {x: 0, y: 1}
--- !u!114 &1829915253
MonoBehaviour:
  m_ObjectHideFlags: 0
  m_CorrespondingSourceObject: {fileID: 0}
  m_PrefabInstance: {fileID: 0}
  m_PrefabAsset: {fileID: 0}
  m_GameObject: {fileID: 1829915251}
  m_Enabled: 1
  m_EditorHideFlags: 0
  m_Script: {fileID: 11500000, guid: f4688fdb7df04437aeb418b961361dc5, type: 3}
  m_Name: 
  m_EditorClassIdentifier: 
  m_Material: {fileID: 0}
  m_Color: {r: 1, g: 1, b: 1, a: 1}
  m_RaycastTarget: 1
  m_OnCullStateChanged:
    m_PersistentCalls:
      m_Calls: []
    m_TypeName: UnityEngine.UI.MaskableGraphic+CullStateChangedEvent, UnityEngine.UI,
      Version=1.0.0.0, Culture=neutral, PublicKeyToken=null
  m_text: 5
  m_isRightToLeft: 0
  m_fontAsset: {fileID: 11400000, guid: 8f586378b4e144a9851e7b34d9b748ee, type: 2}
  m_sharedMaterial: {fileID: 2180264, guid: 8f586378b4e144a9851e7b34d9b748ee, type: 2}
  m_fontSharedMaterials: []
  m_fontMaterial: {fileID: 0}
  m_fontMaterials: []
  m_fontColor32:
    serializedVersion: 2
    rgba: 4294967295
  m_fontColor: {r: 1, g: 1, b: 1, a: 1}
  m_enableVertexGradient: 0
  m_colorMode: 3
  m_fontColorGradient:
    topLeft: {r: 1, g: 1, b: 1, a: 1}
    topRight: {r: 1, g: 1, b: 1, a: 1}
    bottomLeft: {r: 1, g: 1, b: 1, a: 1}
    bottomRight: {r: 1, g: 1, b: 1, a: 1}
  m_fontColorGradientPreset: {fileID: 0}
  m_spriteAsset: {fileID: 0}
  m_tintAllSprites: 0
  m_overrideHtmlColors: 0
  m_faceColor:
    serializedVersion: 2
    rgba: 4294967295
  m_outlineColor:
    serializedVersion: 2
    rgba: 4278190080
  m_fontSize: 60
  m_fontSizeBase: 60
  m_fontWeight: 400
  m_enableAutoSizing: 0
  m_fontSizeMin: 18
  m_fontSizeMax: 72
  m_fontStyle: 0
  m_textAlignment: 513
  m_isAlignmentEnumConverted: 1
  m_characterSpacing: 0
  m_wordSpacing: 0
  m_lineSpacing: 0
  m_lineSpacingMax: 0
  m_paragraphSpacing: 0
  m_charWidthMaxAdj: 0
  m_enableWordWrapping: 1
  m_wordWrappingRatios: 0.4
  m_overflowMode: 0
  m_firstOverflowCharacterIndex: 0
  m_linkedTextComponent: {fileID: 0}
  m_isLinkedTextComponent: 0
  m_isTextTruncated: 0
  m_enableKerning: 1
  m_enableExtraPadding: 0
  checkPaddingRequired: 0
  m_isRichText: 1
  m_parseCtrlCharacters: 1
  m_isOrthographic: 1
  m_isCullingEnabled: 0
  m_ignoreRectMaskCulling: 0
  m_ignoreCulling: 1
  m_horizontalMapping: 0
  m_verticalMapping: 0
  m_uvLineOffset: 0
  m_geometrySortingOrder: 0
  m_firstVisibleCharacter: 0
  m_useMaxVisibleDescender: 1
  m_pageToDisplay: 1
  m_margin: {x: 0, y: 0, z: 0, w: 0}
  m_textInfo:
    textComponent: {fileID: 1829915253}
    characterCount: 1
    spriteCount: 0
    spaceCount: 0
    wordCount: 1
    linkCount: 0
    lineCount: 1
    pageCount: 1
    materialCount: 1
  m_havePropertiesChanged: 0
  m_isUsingLegacyAnimationComponent: 0
  m_isVolumetricText: 0
  m_spriteAnimator: {fileID: 0}
  m_isInputParsingRequired: 0
  m_inputSource: 0
  m_hasFontAssetChanged: 0
  m_subTextObjects:
  - {fileID: 0}
  - {fileID: 0}
  - {fileID: 0}
  - {fileID: 0}
  - {fileID: 0}
  - {fileID: 0}
  - {fileID: 0}
  - {fileID: 0}
  m_baseMaterial: {fileID: 0}
  m_maskOffset: {x: 0, y: 0, z: 0, w: 0}
--- !u!222 &1829915254
CanvasRenderer:
  m_ObjectHideFlags: 0
  m_CorrespondingSourceObject: {fileID: 0}
  m_PrefabInstance: {fileID: 0}
  m_PrefabAsset: {fileID: 0}
  m_GameObject: {fileID: 1829915251}
  m_CullTransparentMesh: 0
--- !u!1001 &1945740502
PrefabInstance:
  m_ObjectHideFlags: 0
  serializedVersion: 2
  m_Modification:
    m_TransformParent: {fileID: 1550741551}
    m_Modifications:
    - target: {fileID: 7855643228773816290, guid: 5b871b231ee937341ae526986e5b6715,
        type: 3}
      propertyPath: m_Name
      value: ButtonStepUp
      objectReference: {fileID: 0}
    - target: {fileID: 7855643228773816291, guid: 5b871b231ee937341ae526986e5b6715,
        type: 3}
      propertyPath: m_LocalPosition.x
      value: 0
      objectReference: {fileID: 0}
    - target: {fileID: 7855643228773816291, guid: 5b871b231ee937341ae526986e5b6715,
        type: 3}
      propertyPath: m_LocalPosition.y
      value: 0
      objectReference: {fileID: 0}
    - target: {fileID: 7855643228773816291, guid: 5b871b231ee937341ae526986e5b6715,
        type: 3}
      propertyPath: m_LocalPosition.z
      value: 0
      objectReference: {fileID: 0}
    - target: {fileID: 7855643228773816291, guid: 5b871b231ee937341ae526986e5b6715,
        type: 3}
      propertyPath: m_LocalRotation.x
      value: 0
      objectReference: {fileID: 0}
    - target: {fileID: 7855643228773816291, guid: 5b871b231ee937341ae526986e5b6715,
        type: 3}
      propertyPath: m_LocalRotation.y
      value: 0
      objectReference: {fileID: 0}
    - target: {fileID: 7855643228773816291, guid: 5b871b231ee937341ae526986e5b6715,
        type: 3}
      propertyPath: m_LocalRotation.z
      value: 0
      objectReference: {fileID: 0}
    - target: {fileID: 7855643228773816291, guid: 5b871b231ee937341ae526986e5b6715,
        type: 3}
      propertyPath: m_LocalRotation.w
      value: 1
      objectReference: {fileID: 0}
    - target: {fileID: 7855643228773816291, guid: 5b871b231ee937341ae526986e5b6715,
        type: 3}
      propertyPath: m_RootOrder
      value: 5
      objectReference: {fileID: 0}
    - target: {fileID: 7855643228773816291, guid: 5b871b231ee937341ae526986e5b6715,
        type: 3}
      propertyPath: m_LocalEulerAnglesHint.x
      value: 0
      objectReference: {fileID: 0}
    - target: {fileID: 7855643228773816291, guid: 5b871b231ee937341ae526986e5b6715,
        type: 3}
      propertyPath: m_LocalEulerAnglesHint.y
      value: 0
      objectReference: {fileID: 0}
    - target: {fileID: 7855643228773816291, guid: 5b871b231ee937341ae526986e5b6715,
        type: 3}
      propertyPath: m_LocalEulerAnglesHint.z
      value: 0
      objectReference: {fileID: 0}
    - target: {fileID: 7855643228773816291, guid: 5b871b231ee937341ae526986e5b6715,
        type: 3}
      propertyPath: m_AnchoredPosition.x
      value: 20
      objectReference: {fileID: 0}
    - target: {fileID: 7855643228773816291, guid: 5b871b231ee937341ae526986e5b6715,
        type: 3}
      propertyPath: m_AnchoredPosition.y
      value: -460
      objectReference: {fileID: 0}
    - target: {fileID: 7855643228773816291, guid: 5b871b231ee937341ae526986e5b6715,
        type: 3}
      propertyPath: m_SizeDelta.x
      value: 300
      objectReference: {fileID: 0}
    - target: {fileID: 7855643228773816291, guid: 5b871b231ee937341ae526986e5b6715,
        type: 3}
      propertyPath: m_SizeDelta.y
      value: 100
      objectReference: {fileID: 0}
    - target: {fileID: 7855643228773816291, guid: 5b871b231ee937341ae526986e5b6715,
        type: 3}
      propertyPath: m_AnchorMin.x
      value: 0
      objectReference: {fileID: 0}
    - target: {fileID: 7855643228773816291, guid: 5b871b231ee937341ae526986e5b6715,
        type: 3}
      propertyPath: m_AnchorMin.y
      value: 1
      objectReference: {fileID: 0}
    - target: {fileID: 7855643228773816291, guid: 5b871b231ee937341ae526986e5b6715,
        type: 3}
      propertyPath: m_AnchorMax.x
      value: 0
      objectReference: {fileID: 0}
    - target: {fileID: 7855643228773816291, guid: 5b871b231ee937341ae526986e5b6715,
        type: 3}
      propertyPath: m_AnchorMax.y
      value: 1
      objectReference: {fileID: 0}
    - target: {fileID: 7855643228773816291, guid: 5b871b231ee937341ae526986e5b6715,
        type: 3}
      propertyPath: m_Pivot.x
      value: 0
      objectReference: {fileID: 0}
    - target: {fileID: 7855643228773816291, guid: 5b871b231ee937341ae526986e5b6715,
        type: 3}
      propertyPath: m_Pivot.y
      value: 1
      objectReference: {fileID: 0}
    - target: {fileID: 7855643228773816288, guid: 5b871b231ee937341ae526986e5b6715,
        type: 3}
      propertyPath: m_OnClick.m_PersistentCalls.m_Calls.Array.size
      value: 1
      objectReference: {fileID: 0}
    - target: {fileID: 7855643228773816288, guid: 5b871b231ee937341ae526986e5b6715,
        type: 3}
      propertyPath: m_OnClick.m_PersistentCalls.m_Calls.Array.data[0].m_Mode
      value: 1
      objectReference: {fileID: 0}
    - target: {fileID: 7855643228773816288, guid: 5b871b231ee937341ae526986e5b6715,
        type: 3}
      propertyPath: m_OnClick.m_PersistentCalls.m_Calls.Array.data[0].m_CallState
      value: 2
      objectReference: {fileID: 0}
    - target: {fileID: 7855643228773816288, guid: 5b871b231ee937341ae526986e5b6715,
        type: 3}
      propertyPath: m_OnClick.m_PersistentCalls.m_Calls.Array.data[0].m_Target
      value: 
      objectReference: {fileID: 1765547231}
    - target: {fileID: 7855643228773816288, guid: 5b871b231ee937341ae526986e5b6715,
        type: 3}
      propertyPath: m_OnClick.m_PersistentCalls.m_Calls.Array.data[0].m_MethodName
      value: StepUp
      objectReference: {fileID: 0}
    - target: {fileID: 7855643228773816288, guid: 5b871b231ee937341ae526986e5b6715,
        type: 3}
      propertyPath: m_OnClick.m_PersistentCalls.m_Calls.Array.data[0].m_Arguments.m_ObjectArgumentAssemblyTypeName
      value: UnityEngine.Object, UnityEngine
      objectReference: {fileID: 0}
    - target: {fileID: 7855643229756606154, guid: 5b871b231ee937341ae526986e5b6715,
        type: 3}
      propertyPath: m_havePropertiesChanged
      value: 1
      objectReference: {fileID: 0}
    - target: {fileID: 7855643229756606154, guid: 5b871b231ee937341ae526986e5b6715,
        type: 3}
      propertyPath: m_isInputParsingRequired
      value: 1
      objectReference: {fileID: 0}
    m_RemovedComponents: []
  m_SourcePrefab: {fileID: 100100000, guid: 5b871b231ee937341ae526986e5b6715, type: 3}
--- !u!1001 &2144376217
PrefabInstance:
  m_ObjectHideFlags: 0
  serializedVersion: 2
  m_Modification:
    m_TransformParent: {fileID: 1550741551}
    m_Modifications:
    - target: {fileID: 7855643228773816290, guid: 5b871b231ee937341ae526986e5b6715,
        type: 3}
      propertyPath: m_Name
      value: ButtonZoomIn
      objectReference: {fileID: 0}
    - target: {fileID: 7855643228773816291, guid: 5b871b231ee937341ae526986e5b6715,
        type: 3}
      propertyPath: m_LocalPosition.x
      value: 0
      objectReference: {fileID: 0}
    - target: {fileID: 7855643228773816291, guid: 5b871b231ee937341ae526986e5b6715,
        type: 3}
      propertyPath: m_LocalPosition.y
      value: 0
      objectReference: {fileID: 0}
    - target: {fileID: 7855643228773816291, guid: 5b871b231ee937341ae526986e5b6715,
        type: 3}
      propertyPath: m_LocalPosition.z
      value: 0
      objectReference: {fileID: 0}
    - target: {fileID: 7855643228773816291, guid: 5b871b231ee937341ae526986e5b6715,
        type: 3}
      propertyPath: m_LocalRotation.x
      value: 0
      objectReference: {fileID: 0}
    - target: {fileID: 7855643228773816291, guid: 5b871b231ee937341ae526986e5b6715,
        type: 3}
      propertyPath: m_LocalRotation.y
      value: 0
      objectReference: {fileID: 0}
    - target: {fileID: 7855643228773816291, guid: 5b871b231ee937341ae526986e5b6715,
        type: 3}
      propertyPath: m_LocalRotation.z
      value: 0
      objectReference: {fileID: 0}
    - target: {fileID: 7855643228773816291, guid: 5b871b231ee937341ae526986e5b6715,
        type: 3}
      propertyPath: m_LocalRotation.w
      value: 1
      objectReference: {fileID: 0}
    - target: {fileID: 7855643228773816291, guid: 5b871b231ee937341ae526986e5b6715,
        type: 3}
      propertyPath: m_RootOrder
      value: 4
      objectReference: {fileID: 0}
    - target: {fileID: 7855643228773816291, guid: 5b871b231ee937341ae526986e5b6715,
        type: 3}
      propertyPath: m_LocalEulerAnglesHint.x
      value: 0
      objectReference: {fileID: 0}
    - target: {fileID: 7855643228773816291, guid: 5b871b231ee937341ae526986e5b6715,
        type: 3}
      propertyPath: m_LocalEulerAnglesHint.y
      value: 0
      objectReference: {fileID: 0}
    - target: {fileID: 7855643228773816291, guid: 5b871b231ee937341ae526986e5b6715,
        type: 3}
      propertyPath: m_LocalEulerAnglesHint.z
      value: 0
      objectReference: {fileID: 0}
    - target: {fileID: 7855643228773816291, guid: 5b871b231ee937341ae526986e5b6715,
        type: 3}
      propertyPath: m_AnchoredPosition.x
      value: 20
      objectReference: {fileID: 0}
    - target: {fileID: 7855643228773816291, guid: 5b871b231ee937341ae526986e5b6715,
        type: 3}
      propertyPath: m_AnchoredPosition.y
      value: -250
      objectReference: {fileID: 0}
    - target: {fileID: 7855643228773816291, guid: 5b871b231ee937341ae526986e5b6715,
        type: 3}
      propertyPath: m_SizeDelta.x
      value: 300
      objectReference: {fileID: 0}
    - target: {fileID: 7855643228773816291, guid: 5b871b231ee937341ae526986e5b6715,
        type: 3}
      propertyPath: m_SizeDelta.y
      value: 100
      objectReference: {fileID: 0}
    - target: {fileID: 7855643228773816291, guid: 5b871b231ee937341ae526986e5b6715,
        type: 3}
      propertyPath: m_AnchorMin.x
      value: 0
      objectReference: {fileID: 0}
    - target: {fileID: 7855643228773816291, guid: 5b871b231ee937341ae526986e5b6715,
        type: 3}
      propertyPath: m_AnchorMin.y
      value: 1
      objectReference: {fileID: 0}
    - target: {fileID: 7855643228773816291, guid: 5b871b231ee937341ae526986e5b6715,
        type: 3}
      propertyPath: m_AnchorMax.x
      value: 0
      objectReference: {fileID: 0}
    - target: {fileID: 7855643228773816291, guid: 5b871b231ee937341ae526986e5b6715,
        type: 3}
      propertyPath: m_AnchorMax.y
      value: 1
      objectReference: {fileID: 0}
    - target: {fileID: 7855643228773816291, guid: 5b871b231ee937341ae526986e5b6715,
        type: 3}
      propertyPath: m_Pivot.x
      value: 0
      objectReference: {fileID: 0}
    - target: {fileID: 7855643228773816291, guid: 5b871b231ee937341ae526986e5b6715,
        type: 3}
      propertyPath: m_Pivot.y
      value: 1
      objectReference: {fileID: 0}
    - target: {fileID: 7855643228773816288, guid: 5b871b231ee937341ae526986e5b6715,
        type: 3}
      propertyPath: m_OnClick.m_PersistentCalls.m_Calls.Array.size
      value: 1
      objectReference: {fileID: 0}
    - target: {fileID: 7855643228773816288, guid: 5b871b231ee937341ae526986e5b6715,
        type: 3}
      propertyPath: m_OnClick.m_PersistentCalls.m_Calls.Array.data[0].m_Mode
      value: 1
      objectReference: {fileID: 0}
    - target: {fileID: 7855643228773816288, guid: 5b871b231ee937341ae526986e5b6715,
        type: 3}
      propertyPath: m_OnClick.m_PersistentCalls.m_Calls.Array.data[0].m_CallState
      value: 2
      objectReference: {fileID: 0}
    - target: {fileID: 7855643228773816288, guid: 5b871b231ee937341ae526986e5b6715,
        type: 3}
      propertyPath: m_OnClick.m_PersistentCalls.m_Calls.Array.data[0].m_Target
      value: 
      objectReference: {fileID: 1765547231}
    - target: {fileID: 7855643228773816288, guid: 5b871b231ee937341ae526986e5b6715,
        type: 3}
      propertyPath: m_OnClick.m_PersistentCalls.m_Calls.Array.data[0].m_MethodName
      value: ZoomIn
      objectReference: {fileID: 0}
    - target: {fileID: 7855643228773816288, guid: 5b871b231ee937341ae526986e5b6715,
        type: 3}
      propertyPath: m_OnClick.m_PersistentCalls.m_Calls.Array.data[0].m_Arguments.m_ObjectArgumentAssemblyTypeName
      value: UnityEngine.Object, UnityEngine
      objectReference: {fileID: 0}
    - target: {fileID: 7855643229756606154, guid: 5b871b231ee937341ae526986e5b6715,
        type: 3}
      propertyPath: m_havePropertiesChanged
      value: 1
      objectReference: {fileID: 0}
    - target: {fileID: 7855643229756606154, guid: 5b871b231ee937341ae526986e5b6715,
        type: 3}
      propertyPath: m_isInputParsingRequired
      value: 1
      objectReference: {fileID: 0}
    - target: {fileID: 7855643229756606154, guid: 5b871b231ee937341ae526986e5b6715,
        type: 3}
      propertyPath: m_text
      value: Zoom In
      objectReference: {fileID: 0}
    - target: {fileID: 7855643229756606154, guid: 5b871b231ee937341ae526986e5b6715,
        type: 3}
      propertyPath: m_textInfo.characterCount
      value: 6
      objectReference: {fileID: 0}
    - target: {fileID: 7855643229756606154, guid: 5b871b231ee937341ae526986e5b6715,
        type: 3}
      propertyPath: m_textInfo.wordCount
      value: 2
      objectReference: {fileID: 0}
    - target: {fileID: 7855643229756606154, guid: 5b871b231ee937341ae526986e5b6715,
        type: 3}
      propertyPath: m_textInfo.spaceCount
      value: 1
      objectReference: {fileID: 0}
    m_RemovedComponents: []
  m_SourcePrefab: {fileID: 100100000, guid: 5b871b231ee937341ae526986e5b6715, type: 3}
